<?xml version="1.0" encoding="UTF-8"?><collection xmlns="http://www.loc.gov/MARC21/slim"><record><leader>00584nam--2200193-u-4500</leader><controlfield tag="001">000056913</controlfield><controlfield tag="002">20200915</controlfield><controlfield tag="005">20200915042400</controlfield><controlfield tag="008">200915s1000------------r-----000-0-eng-d</controlfield><datafield ind1=" " ind2=" " tag="040"><subfield code="a">IFIN-HH</subfield></datafield><datafield ind1=" " ind2=" " tag="041"><subfield code="a">eng</subfield></datafield><datafield ind1="1" ind2=" " tag="100"><subfield code="a">Osvay, Karoly</subfield></datafield><datafield ind1="1" ind2="0" tag="245"><subfield code="a">Light at Extreme Intensities 2011. Conference proceedings vol 1462</subfield><subfield code="c">Karoly Osvay; Peter Dombi, Jozsef Andras Fulop; Katalin Varju (Eds.)</subfield></datafield><datafield ind1=" " ind2=" " tag="260"><subfield code="a">New York</subfield><subfield code="b">AIP</subfield><subfield code="c">2012</subfield></datafield><datafield ind1=" " ind2=" " tag="300"><subfield code="a">X+252 p</subfield></datafield><datafield ind1=" " ind2=" " tag="500"><subfield code="a">Donatie Acad. Nicolae Victor Zamfir</subfield></datafield><datafield ind1="1" ind2=" " tag="700"><subfield code="a">Varju, Katalin</subfield></datafield><datafield ind1=" " ind2=" " tag="852"><subfield code="a">82846</subfield><subfield code="c">NVZ</subfield></datafield><datafield ind1=" " ind2=" " tag="CAT"><subfield code="a">SYS</subfield><subfield code="c">20200915</subfield><subfield code="h">042400</subfield></datafield></record></collection>